<record>
  <leader>01490ngm a2200229Ka 4500</leader>
  <controlfield tag="008">yymmdds                          v eng d</controlfield>
  <controlfield tag="007">vd cvaizq</controlfield>
  <datafield tag="020" ind1="" ind2="">
    <subfield code="a"></subfield>
  </datafield>
  <datafield tag="024" ind1="1" ind2="">
    <subfield code="a"></subfield>
  </datafield>
  <datafield tag="028" ind1="4" ind2="">
    <subfield code="a"></subfield>
    <subfield code="b"></subfield>
  </datafield>
  <datafield tag="040" ind1="" ind2="">
    <subfield code="a"></subfield>
    <subfield code="c"></subfield>
  </datafield>
  <datafield tag="041" ind1="1" ind2="">
    <subfield code="a">eng</subfield>
  </datafield>
  <datafield tag="082" ind1="0" ind2="4">
    <subfield code="a"></subfield>
  </datafield>
  <datafield tag="092" ind1="" ind2="">
    <subfield code="a"></subfield>
  </datafield>
  <datafield tag="245" ind1="0" ind2="0">
    <subfield code="a"></subfield>
    <subfield code="h">[videorecording]</subfield>
    <subfield code="c"></subfield>
  </datafield>
  <datafield tag="250" ind1="" ind2="">
    <subfield code="a"></subfield>
  </datafield>
  <datafield tag="260" ind1="" ind2="">
    <subfield code="a"></subfield>
    <subfield code="b"></subfield>
    <subfield code="c"></subfield>
  </datafield>
  <datafield tag="300" ind1="" ind2="">
    <subfield code="a"></subfield>
    <subfield code="b"></subfield>
    <subfield code="c"></subfield>
  </datafield>
  <datafield tag="500" ind1="" ind2="">
    <subfield code="a"></subfield>
  </datafield>
  <datafield tag="508" ind1="" ind2="">
    <subfield code="a"></subfield>
  </datafield>
  <datafield tag="511" ind1="1" ind2="">
    <subfield code="a"></subfield>
  </datafield>
  <datafield tag="520" ind1="" ind2="">
    <subfield code="a"></subfield>
  </datafield>
  <datafield tag="521" ind1="8" ind2="">
    <subfield code="a"></subfield>
  </datafield>
  <datafield tag="538" ind1="" ind2="">
    <subfield code="a"></subfield>
  </datafield>
  <datafield tag="546" ind1="" ind2="">
    <subfield code="a"></subfield>
  </datafield>
  <datafield tag="650" ind1="" ind2="0">
    <subfield code="a"></subfield>
  </datafield>
  <datafield tag="655" ind1="" ind2="0">
    <subfield code="a"></subfield>
  </datafield>
  <datafield tag="700" ind1="1" ind2="">
    <subfield code="a"></subfield>
  </datafield>
  <datafield tag="700" ind1="1" ind2="">
    <subfield code="a"></subfield>
  </datafield>
  <datafield tag="999" ind1="" ind2="">
    <subfield code="e">DVD</subfield>
  </datafield>
</record>
